@INPROCEEDINGS{KAHN--CBMI--2012,
    AUTHOR = {J. Kahn and O. Galibert and L. Quintard and M. Carr\'e and A. Giraudel and P.Joly},
    TITLE = {{A presentation of the REPERE challenge}},
    booktitle = {{CBMI}},
    year = {2012}
}

@INPROCEEDINGS{BERNARD--SLAM--2013,
    AUTHOR = {G. Bernard and O. Galibert and J. Kahn.},
    TITLE = {{The First Official REPERE Evaluation}},
    BOOKTITLE = {{SLAM-INTERSPEECH}},
    YEAR = {2013}
}

@inproceedings{GIRAUDEL--LREC--2012,
    author = {A. Giraudel and M. Carr\'e and Val\'erie Mapelli and J. Kahn and O. Galibert and L. Quintard},
    title = {{T}he {REPERE} {C}orpus : a {M}ultimodal {C}orpus for {P}erson {R}ecognition},
    booktitle = {{LREC}},
    year = {2012}
}



@INPROCEEDINGS{BECHET--INTERSPEECH--2014,
    AUTHOR = {F. Bechet and M. Bendris and D. Charlet and G. Damnati and B. Favre and M. Rouvier and R. Auguste and B. Bigot and R. Dufour and C. Fredouille and G. Linar\`es and J. Martinet and G. Senay and P. Tirilly},
    TITLE = {{Multimodal Understanding for Person Recognition in Video Broadcasts}},
    BOOKTITLE = {{INTERSPEECH}},
    YEAR = {2014}
}

@INPROCEEDINGS{BREDIN--ODYSSEY--2014,
    AUTHOR = {H. Bredin and A. Laurent and A. Sarkar and V.-B. Le and S. Rosset and C. Barras},
    TITLE = {{Person Instance Graphs for Named Speaker Identification in TV Broadcast}},
    BOOKTITLE = {{Odyssey}},
    YEAR = {2014}
}

@inproceedings{CANSECO--INTERSPEECH--2004,
    author = {Leonardo Canseco-Rodriguez and Lori Lamel and Jean-Luc Gauvain},
    title = {{Speaker diarization from speech transcripts}},
    booktitle = {{INTERSPEECH}},
    year = {2004}
}

@inproceedings{CANSECO--ASRU--2005,
    author = {Leonardo Canseco and Lori Lamel and Jean-Luc Gauvain},
    title = {{A Comparative Study Using Manual and Automatic Transcriptions for Diarization}},
    booktitle = {{ASRU}},
    year = {2005}
}

@inproceedings{JOUSSE--ICCASP--2009,
    author = {Vincent Jousse and Simon Petit-Renaud and Sylvain Meignier and Yannick Est\`eve and Christine Jacquin},
    title = {{Automatic named identification of speakers using diarization and ASR systems}},
    booktitle = {{ICASSP}},
    year = {2009},
}

@inproceedings{TRANTER--ICASSP--2006,
    author = {S. E. Tranter},
    title = {{WHO REALLY SPOKE WHEN? FINDING SPEAKER TURNS AND IDENTITIES IN BROADCAST NEWS AUDIO}},
    booktitle = {{ICASSP}},
    year = {2006}
}

@inproceedings{MAUCLAIR--Odyssey--2006,
    author = {Mauclair, J.  and  Meignier, S.  and  Est\`eve, Y.},
    title = {{Speaker diarization: about whom the speaker is talking?}},
    booktitle = {{Odyssey}},
    year = {2006}
}

@inproceedings{ESTEVE--INTERSPEECH--2007,
    author = {Yannick Est\`eve and Sylvain Meignier and Paul Del\'eglise and Julie Mauclair},
    title = {{Extracting true speaker identities from transcriptions}},
    booktitle = {{INTERSPEECH}},
    year = {2007},
}



@inproceedings{SATOH--CVPR--1997,
    author = {Shin'ichi Satoh and Takeo Kanade and The Presidental Race},
    title = {{Name-It: Association of Face and Name in Video}},
    booktitle = {{CVPR}},
    year = {1997}
}

@inproceedings{SATOH--IJCAI--1997,
    author = {Shin'ichi Satoh and Yuichi Nakamura and Takeo Kanade},
    title = {{Name-It: Naming and Detecting Faces in Video by the Integration of Image and Natural Language Processing}},
    booktitle = {{IJCAI}},
    year = {1997},
}

@article{SATOH--IEEEMM--1999,
    author = {Shin'ichi Satoh and Yuichi Nakamura and Takeo Kanade},
    title = {{Name-It: Naming and Detecting Faces in News Videos}},
    journal ={IEEE Multimedia},
    volume = {6},
    year = {1999},
}

@article{HOUGHTON--IS--1999,
    author = {Ricky Houghton},
    title = {{Named Faces: Putting Names to Faces}},
    journal ={IEEE Intelligent Systems},
    volume = {14},
    year = {1999},
}

@inproceedings{YANG--ACMMM--2004,
    author = {Jun Yang and Alexander G. Hauptmann},
    title = {{Naming every individual in news video monologues}},
    booktitle = {{ACM Multimedia}},
    year = {2004},
}

@inproceedings{YANG--ACMMM--2005,
    author = {Yang, Jun and Yan, Rong and Hauptmann, Alexander G.},
    title = {{Multiple instance learning for labeling faces in broadcasting news video}},
    booktitle = {{ACM Multimedia}},
    year = {2005}
}

@INPROCEEDINGS{POIGNANT--INTERSPEECH--2013,
    AUTHOR = {J. Poignant and L. Besacier and V.B. Le and S. Rosset and G. Qu\'enot},
    TITLE = {{Unsupervised naming of speakers in broadcast TV: using written names, pronounced names or both ?}},
    BOOKTITLE = {{INTERSPEECH}},
    YEAR = {2013}
}

@INPROCEEDINGS{POIGNANT--ICME--2012,
    AUTHOR = {J. Poignant and L. Besacier and G. Qu\'enot and F. Thollard},
    TITLE = {{From text detection in videos to person identification}},
    BOOKTITLE = {{ICME}},
    YEAR = {2012}
}

@INPROCEEDINGS{POIGNANT--INTERSPEECH--2012,
    AUTHOR = {J. Poignant and H. Bredin and V.B. Le and L. Besacier and C. Barras and G. Qu\'enot},
    TITLE = {{Unsupervised speaker identification using overlaid texts in TV broadcast}},
    BOOKTITLE = {{INTERSPEECH}},
    YEAR = {2012}
}

@ARTICLE{POIGNANT--ASLP--2015,
    AUTHOR = {Johann Poignant and L. Besacier and G. Qu\'enot},
    TITLE = {{Unsupervised Speaker Identification in TV Broadcast Based on Written Names}},
    JOURNAL = {IEEE/ACM ASLP},
    VOLUME = {23},
    NUMBER = {1},
    YEAR = {2015}
}

@ARTICLE{POIGNANT--MTAP--2015,
    AUTHOR = {J. Poignant and G. Fortier and L. Besacier and G. Qu\'enot},
    TITLE = {{Naming multi-modal clusters to identify persons in TV broadcast}},
    JOURNAL = {MTAP},
    YEAR = {2015}
}

@INPROCEEDINGS{POIGNANT--SLAM--2013,
    AUTHOR = {J. Poignant and H. Bredin and L. Besacier and G. Qu\'enot and C. Barras},
    TITLE = {{Towards a better integration of written names for unsupervised speakers identification in videos}},
    BOOKTITLE = {{SLAM-INTERSPEECH}},
    YEAR = {2013}
}

@INPROCEEDINGS{BREDIN--INTERSPEECH--2013,
    AUTHOR = {H. Bredin and J. Poignant},
    TITLE = {{Integer Linear Programming for Speaker Diarization and Cross-Modal Identification in TV Broadcast}},
    BOOKTITLE = {{INTERSPEECH}},
    YEAR = {2013}
}

@INPROCEEDINGS{BREDIN--IFCVCR--2012,
    AUTHOR = {H. Bredin and J. Poignant and M. Tapaswi and G. Fortier and V.-B. Le and T. Napoleon and H. Gao and   C. Barras and S. Rosset and L. Besacier and J. Verbeek and G. Qu\'enot and F. Jurie and H. Kemal Ekenel},
    TITLE = {{Fusion of speech, faces and text for person identification in TV broadcast}},
    BOOKTITLE = {{ECCV-IFCVCR}},
    YEAR = {2012}
}

@INPROCEEDINGS{BREDIN--SLAM--2013,
    AUTHOR = {H. Bredin and J. Poignant and G. Fortier and M. Tapaswi and V.-B. Le and A. Sarkar and C. Barras and S. Rosset and A. Roy and Q. Yang and H. Gao and A. Mignon and J. Verbeek and L. Besacier and G. Qu\'enot and H. Kemal Ekenel and R. Stiefelhagen},
    TITLE = {{QCompere at REPERE 2013}},
    BOOKTITLE = {{SLAM-INTERSPEECH}},
    YEAR = {2013}
}
  
@INPROCEEDINGS{BREDIN--IJMIR--2014,
    AUTHOR = {H. Bredin and A. Roy and V.-B. Le and C. Barras},
    TITLE = {{Person instance graphs for mono-, cross- and multi-modal person recognition in multimedia data: application to speaker identification in TV broadcast}},
    BOOKTITLE = {{IJMIR}},
    YEAR = {2014}
}

@INPROCEEDINGS{FAVRE--SLAM--2013,
    AUTHOR = {B. Favre and G. Damnati and F. B\'echet and M. Bendris and  D. Charlet and R. Auguste and S. Ayache and B. Bigot and A. Delteil and R. Dufour and C. Fredouille and  G. Linares and J. Martinet and G. Senay and P. Tirilly},
    TITLE = {{PERCOLI: a person identification  system for the 2013 REPERE challenge}},
    BOOKTITLE = {{SLAM-INTERSPEECH}},
    YEAR = {2013}
}

@INPROCEEDINGS{ROUVIER--CBMI--2014,
    AUTHOR = {M. Rouvier and B. Favre and M. Bendris and D. Charlet and G. Damnati},
    TITLE = {{Scene understanding for identifying persons in TV shows:  beyond face authentication}},
    BOOKTITLE = {{CBMI}},
    YEAR = {2014}
}

@INPROCEEDINGS{BENDRIS--CBMI--2013,
    AUTHOR = {M. Bendris and B. Favre and D. Charlet and G. Damnati and R. Auguste and J. Martinet and G. Senay},
    TITLE = {{Unsupervised Face Identification in TV Content using Audio-Visual Sources}},
    BOOKTITLE = {{CBMI}},
    YEAR = {2013}
}

@INPROCEEDINGS{GAY--CBMI--2014,
    AUTHOR = {P. Gay and G. Dupuy and C. Lailler and J.-M. Odobez and S. Meignier and P. Del\'eglise},
    TITLE = {{Comparison of Two Methods for Unsupervised Person Identification in TV Shows}},
    BOOKTITLE = {{CBMI}},
    YEAR = {2014}
}

@article{GUILLAUMIN--IJCV--2012,
    author = {M. Guillaumin and T. Mensink and J. Verbeek and C. Schmid},
    title = {{Face recognition from caption-based supervision}},
    journal = {IJCV},
    volume = {96},
    number = {1},
    year = {2012}
}

@inproceedings{DALAL--CVPR--2005,
    author = {N. Dalal and B. Triggs},
    title = {{Histograms of oriented gradients for human detection}},
    booktitle = {{CVPR}},
    year = {{2005}}
}

@InProceedings{URICAR--VISAPP--2012,
    author = {U{\v{r}}i{\v{c}}{\'{a}}{\v{r}}, Michal and Franc, Vojt{\v{e}}ch and Hlav{\'{a}}{\v{c}}, V{\'{a}}clav },
    title = {Detector of Facial Landmarks Learned by the Structured Output {SVM}},
    booktitle = {{VISAPP}},
    volume = {1},
    year = {2012}
}

@inproceedings{CHEN--DARPA--1998,
    author = {S.S. Chen and P.S. Gopalakrishnan},
    title = {{Speaker, Environment And Channel Change Detection And Clustering Via The Bayesian Information Criterion}},
    booktitle = {{DARPA Broadcast News Trans. and Under. Workshop}},
    year = {1998}
}

@inproceedings{LAMEL--IWSLT--2011,
    author = {L. Lamel and S. Courcinous and J. Despres and J.L. Gauvain and Y. Josse and K. Kilgour and F. Kraft and V.-B. Le and H. Ney and M. Nussbaum-Thom and I. Oparin and T. Schlippe and R. Schlëter and T. Schultz and T. Fraga da Silva and S. Stüker and M. Sundermeyer and B. Vieru and N.T. Vu and A. Waibel and C. Woehrling},
    title = {{Speech Recognition for Machine Translation in Quaero}},
    booktitle = {{IWSLT}},
    year = {2011}
}

@inproceedings{DIANRELLI--IJCNLP--2011,
    author = {M. Dinarelli and S. Rosset},
    title = {{Models Cascade for Tree-Structured Named Entity Detection}},
    booktitle = {{IJCNLP}},
    year = {2011}
}

@inproceedings{POIGNANT--MEDIAEVAL--2015,
    author = {J. Poignant and H. Bredin and C. Barras},
    title = {{Multimodal Person Discovery in Broadcast TV at MediaEval 2015}},
    booktitle = {{MEDIAEVAL}},
    year = {2015}
}

